@book{book:maintainable-software,
Author = {Joost Visser, Sylvan Rigal},
Date-Added = {2020-03-11 22:50:57 +0100},
Date-Modified = {2020-03-11 22:52:19 +0100},
Isbn = {9781491953495},
Keywords = {testing, benchmarking},
Publisher = {O'Reilly Media},
Title = {Building Maintainable Software - Java Edition},
Url = {https://www.kobo.com/us/en/ebook/building-maintainable-software-java-edition},
Year = {2016},
Bdsk-Url-1 = {https://www.kobo.com/us/en/ebook/building-maintainable-software-java-edition}}